% This file was created with JabRef 2.10b2.
% Encoding: UTF-8


@Article{Brent99a,
  Title                    = {An Efficient, Probabilistically Sound Algorithm for Segmentation and Word Discovery},
  Author                   = {M. Brent},
  Journal                  = {Machine Learning},
  Year                     = {1999},
  Pages                    = {71-105},
  Volume                   = {34},

  Owner                    = {bborschi},
  Timestamp                = {2014.02.12}
}

@PhdThesis{Daland09a,
  Title                    = {Word segmentation, word recognition, and word learning: a computational model of first language acquisition},
  Author                   = {Robert Daland},
  School                   = {Northwestern University},
  Year                     = {2009},

  Owner                    = {bborschi},
  Timestamp                = {2014.02.12}
}

@Article{Daland11a,
  Title                    = {Learning diphone-based segmentation},
  Author                   = {Robert Daland and Janet B. Pierrehumbert},
  Journal                  = {Cognitive Science},
  Year                     = {2011},
  Number                   = {1},
  Pages                    = {119--155},
  Volume                   = {35},

  Owner                    = {bborschi},
  Timestamp                = {2014.02.12}
}

@InProceedings{Daland13a,
  Title                    = {Does Korean defeat phonotactic word segmentation?},
  Author                   = {Robert Daland and Kie Zuraw},
  Booktitle                = {Proceedings of the 51st ACL in Sofia, Bulgaria},
  Year                     = {2013},

  Owner                    = {bborschi},
  Timestamp                = {2014.02.12}
}

@InProceedings{Fleck08a,
  Title                    = {Lexicalized Phonotactic Word Segmentation},
  Author                   = {Fleck, Margaret M.},
  Booktitle                = {Proceedings of ACL-08: HLT},
  Year                     = {2008},

  Address                  = {Columbus, Ohio},
  Month                    = {June},
  Pages                    = {130-138},
  Publisher                = {Association for Computational Linguistics},

  Owner                    = {bborschi},
  Timestamp                = {2014.02.12}
}

@InProceedings{Fourtassi13a,
  Title                    = {whyisenglishsoeasytosegment?},
  Author                   = {Abdellah Fourtassi and Benjamin B\"{o}rschinger and Mark Johnson and Emmanuel Dupoux},
  Booktitle                = {Proceedings of the 4th Workshop on Cognitive Modeling and Computational Linguistics},
  Year                     = {2013},

  Owner                    = {bborschi},
  Timestamp                = {2014.02.12}
}

@PhdThesis{Goldwater07c,
  Title                    = {Nonparametric {B}ayesian Models of Lexical Acquisition},
  Author                   = {Sharon Goldwater},
  School                   = {Brown University},
  Year                     = {2007},

  Owner                    = {bborschi},
  Timestamp                = {2014.02.12}
}

@Article{Goldwater09a,
  Title                    = {A {B}ayesian framework for word segmentation: Exploring the effects of context},
  Author                   = {Sharon Goldwater and Thomas L. Griffiths and Mark Johnson},
  Journal                  = {Cognition},
  Year                     = {2009},
  Number                   = {1},
  Pages                    = {21-54},
  Volume                   = {112},

  Owner                    = {bborschi},
  Timestamp                = {2014.02.12}
}

@InCollection{Johnson07c,
  Title                    = {{A}daptor {G}rammars: A Framework for Specifying Compositional Nonparametric {B}ayesian Models},
  Author                   = {Mark Johnson and Thomas L. Griffiths and Sharon Goldwater},
  Booktitle                = {Advances in Neural Information Processing Systems 19},
  Publisher                = {MIT Press},
  Year                     = {2007},

  Address                  = {Cambridge, MA},
  Editor                   = {B. Sch\"{o}lkopf and J. Platt and T. Hoffman},
  Pages                    = {641-648},

  Owner                    = {bborschi},
  Timestamp                = {2014.02.12}
}

@Article{Pearl10b,
  Title                    = {Online Learning Mechanisms for {B}ayesian Models of Word Segmentation},
  Author                   = {Lisa Pearl and Sharon Goldwater and Mark Steyvers},
  Journal                  = {Research on Language and Computation},
  Year                     = {2010},
  Number                   = {2},
  Pages                    = {107-132},
  Volume                   = {8},

  Owner                    = {bborschi},
  Publisher                = {Springer Netherlands},
  Timestamp                = {2014.02.12}
}

